@ARTICLE{5928330,
  author={Tumeo, Antonino and Villa, Oreste and Chavarria-Miranda, Daniel G.},
  journal={IEEE Transactions on Parallel and Distributed Systems}, 
  title={Aho-Corasick String Matching on Shared and Distributed-Memory Parallel Architectures}, 
  year={2012},
  volume={23},
  number={3},
  pages={436-443},
  doi={10.1109/TPDS.2011.181}}
