@ARTICLE{1308207,
  author={Halaas, A. and Svingen, B. and Nedland, M. and Saetrom, P. and Snove, O. and Birkeland, O.R.},
  journal={IEEE Transactions on Very Large Scale Integration (VLSI) Systems}, 
  title={A recursive MISD architecture for pattern matching}, 
  year={2004},
  volume={12},
  number={7},
  pages={727-734},
  doi={10.1109/TVLSI.2004.830918}}
