@InProceedings{10.1007/978-3-319-58943-5_15,
author="Pfaffe, Philip
and Tillmann, Martin
and Lutteropp, Sarah
and Scheirle, Bernhard
and Zerr, Kevin",
editor="Desprez, Fr{\'e}d{\'e}ric
and Dutot, Pierre-Fran{\c{c}}ois
and Kaklamanis, Christos
and Marchal, Loris
and Molitorisz, Korbinian
and Ricci, Laura
and Scarano, Vittorio
and Vega-Rodr{\'i}guez, Miguel A.
and Varbanescu, Ana Lucia
and Hunold, Sascha
and Scott, Stephen L.
and Lankes, Stefan
and Weidendorfer, Josef",
title="Parallel String Matching",
booktitle="Euro-Par 2016: Parallel Processing Workshops",
year="2017",
publisher="Springer International Publishing",
address="Cham",
pages="187--198",
abstract="We explore the benefits of parallelizing 7 state-of-the-art string matching algorithms. Using SIMD and multi-threading techniques we achieve a significant performance improvement of up to 43.3{\$}{\$}{\backslash}times {\$}{\$}over reference implementations and a speedup of up to 16.7{\$}{\$}{\backslash}times {\$}{\$}over the string matching program grep.",
isbn="978-3-319-58943-5"
}

